% phonenumbers package: references
% Datum: 6. November 2016
@book{duden,
	title = {Duden},
	subtitle = {Die deutsche Rechtschreibung},
	date = {2006},
	location = {Mannheim},
	edition = {24}
}

@online{BNA-nummernplan,
	author = {{Bundesnetzagentur}},
	title = {Nummernplan Nummernraum für die öffentliche Telekommunikation},
	date = {2016-05-04},
	url = {http://www.bundesnetzagentur.de/SharedDocs/Downloads/DE/Sachgebiete/Telekommunikation/Unternehmen_Institutionen/Nummerierung/Rufnummern/NP_Nummernraum.pdf?__blob=publicationFile&v=2},
}

@online{BNA-mabez,
	author = {{Bundesnetzagentur}},
	title = {Nummernplan Massenverkehrs-Rufnummern},
	date = {2016-05-04},
	url = {http://www.bundesnetzagentur.de/SharedDocs/Downloads/DE/Sachgebiete/Telekommunikation/Unternehmen_Institutionen/Nummerierung/Rufnummern/0137/0137_Nummernplan.pdf?__blob=publicationFile&v=4},
}

@online{BNA-konzept,
	author = {{Bundesnetzagentur}},
	title = {Nummerierungskonzept 2014},
	date = {2014-12-10},
	url = {http://www.bundesnetzagentur.de/SharedDocs/Downloads/DE/Sachgebiete/Telekommunikation/Unternehmen_Institutionen/Nummerierung/Nummerierungskonzept/Nummerierungskonzept2014.pdf?__blob=publicationFile&v=1},
}

@online{BNA-ortsvorwahlen,
	author = {{Bundesnetzagentur}},
	title = {Verzeichnis der Ortsnetze der Bundesrepublik Deutschland},
	subtitle = {Liste der Ortsnetzkennzahlen in numerischer Folge},
	date = {2010-12-31},
	url = {http://www.bundesnetzagentur.de/SharedDocs/Downloads/DE/Sachgebiete/Telekommunikation/Unternehmen_Institutionen/Nummerierung/Rufnummern/ONVerzeichnisse/ONBVerzeichnis/B-ListeOrtsnetzenumerisch.pdf?__blob=publicationFile&v=3},
}

@online{BNA-mobil,
	author = {{Bundesnetzagentur}},
	title = {Mobile Dienste, zugeteilte RNB},
	date = {2016-09-27},
	url = {http://www.bundesnetzagentur.de/cln_1432/DE/Sachgebiete/Telekommunikation/Unternehmen_Institutionen/Nummerierung/Rufnummern/MobileDienste/zugeteilte%20RNB/MobileDiensteBelegteRNB_Basepage.html?nn=268384#download=1}
}

@online{ARCEP,
	author = {{Autorité de régulation des communications électroniques et des postes}},
	title = {Plan national de numérotation téléphonique},
	date = {2015-10-22},
	url = {http://www.arcep.fr/uploads/tx_gsavis/05-1085.pdf}
}

@inreference{wikipedia-FR-fr,
	title = {Plan de numérotation en France},
	booktitle = {Wikipédia en fran\c{c}ais},
	date = {2016-11-02},
	url = {https://fr.wikipedia.org/wiki/Plan_de_num%C3%A9rotation_en_France},
}

@inreference{wikipedia-FR-de,
	title = {Telefonvorwahl (Frankreich)},
	booktitle = {Wikipedia},
	booksubtitle = {Die freie Enzyklopädie},
	date = {2015-08-30},
	url = {https://de.wikipedia.org/wiki/Telefonvorwahl_(Frankreich)},
}

@inreference{wikipedia-NANP,
	title = {North American Numbering Plan},
	booktitle = {Wikipedia},
	booksubtitle = {The Free Encyclopedia},
	date = {2016-11-05},
	url = {https://en.wikipedia.org/wiki/North_American_Numbering_Plan},
}

@inreference{wikipedia-conventions,
	title = {National conventions for writing telephone numbers},
	booktitle = {Wikipedia},
	booksubtitle = {The Free Encyclopedia},
	date = {2016-10-13},
	url = {https://en.wikipedia.org/wiki/National_conventions_for_writing_telephone_numbers},
}

@online{NANPA-geographic,
	author = {{North American Numbering Plan Association}},
	title = {Geographic NPAs in Service Sorted by Number},
	url = {https://www.nationalnanpa.com/enas/geoAreaCodeNumberReport.do},
	urldate = {2016-10-28}
}

@online{NANPA-non-geographic,
	author = {{North American Numbering Plan Association}},
	title = {Non-Geographic NPAs in Service},
	url = {https://www.nationalnanpa.com/enas/nonGeoNpaServiceReport.do},
	urldate = {2016-10-28}
}

@online{NANPA-not-yet,
	author = {{North American Numbering Plan Association}},
	title = {Planned NPAs Not Yet in Service},
	url = {https://www.nationalnanpa.com/enas/plannedNpasNotInServiceReport.do},
	urldate = {2016-10-28}
}

@online{NANPA-ten-digit,
	author = {{North American Numbering Plan Association}},
	title = {Area Codes Requiring 10 Digit Dialing},
	url = {https://www.nationalnanpa.com/enas/npasRequiring10DigitReport.do},
	urldate = {2016-10-28}
}

@package{hyperref,
	author = {Sebastian Rahtz and Heiko Oberdiek},
	title = {hyperref},
	version = {6.83},
	url = {http://ctan.org/pkg/hyperref}
}
